
@article{brown2017,
	title = {Catalog of Chinook Salmon Spawning Areas in Yukon River Basin in Canada and United States},
	author = {Brown, Randy J. and Von Finster, Al and Henszey, Robert J. and Eiler, John H.},
	year = {2017},
	month = {12},
	date = {2017-12-01},
	journal = {Journal of Fish and Wildlife Management},
	pages = {558--586},
	volume = {8},
	number = {2},
	doi = {10.3996/052017-JFWM-045},
	url = {https://meridian.allenpress.com/jfwm/article/8/2/558/204381/Catalog-of-Chinook-Salmon-Spawning-Areas-in-Yukon},
	langid = {en}
}

@article{howard2023,
	title = {Adult spawners: A critical period for subarctic Chinook salmon in a changing climate},
	author = {Howard, Kathrine G. and Von Biela, Vanessa},
	year = {2023},
	month = {04},
	date = {2023-04},
	journal = {Global Change Biology},
	pages = {1759--1773},
	volume = {29},
	number = {7},
	doi = {10.1111/gcb.16610},
	url = {https://onlinelibrary.wiley.com/doi/10.1111/gcb.16610},
	langid = {en}
}

@article{vonfinster,
	title = {Issues Facing Canadian-origin Yukon River Chinook Salmon},
	author = {Von Finster, Al and Murdoch, A. and Gill, Jessica and Hodgson, Jean}
}

@article{feddern2024,
	title = {Body size and early marine conditions drive changes in Chinook salmon productivity across northern latitude ecosystems},
	author = {Feddern, Megan L. and Shaftel, Rebecca and Schoen, Erik R. and Cunningham, Curry J. and Connors, Brendan M. and Staton, Benjamin A. and Von Finster, Al and Liller, Zachary and Von Biela, Vanessa R. and Howard, Katherine G.},
	year = {2024},
	month = {10},
	date = {2024-10},
	journal = {Global Change Biology},
	pages = {e17508},
	volume = {30},
	number = {10},
	doi = {10.1111/gcb.17508},
	url = {https://onlinelibrary.wiley.com/doi/10.1111/gcb.17508},
	langid = {en}
}

@article{murdoch2024,
	title = {Multiple environmental drivers across life stages influence Yukon River Chinook salmon productivity},
	author = {Murdoch, A. and Connors, B.M. and Lapointe, N.W.R. and Mills Flemming, J. and Cooke, S.J. and Mantyka-Pringle, C.},
	year = {2024},
	month = {01},
	date = {2024-01-01},
	journal = {Canadian Journal of Fisheries and Aquatic Sciences},
	pages = {97--114},
	volume = {81},
	number = {1},
	doi = {10.1139/cjfas-2022-0254},
	url = {https://cdnsciencepub.com/doi/10.1139/cjfas-2022-0254},
	langid = {en}
}

@article{vonbiela2020,
	title = {Evidence of prevalent heat stress in Yukon River Chinook salmon},
	author = {Von Biela, Vanessa R. and Bowen, Lizabeth and McCormick, Stephen D. and Carey, Michael P. and Donnelly, Daniel S. and Waters, Shannon and Regish, Amy M. and Laske, Sarah M. and Brown, Randy J. and Larson, Sean and Zuray, Stanley and Zimmerman, Christian E.},
	year = {2020},
	month = {12},
	date = {2020-12},
	journal = {Canadian Journal of Fisheries and Aquatic Sciences},
	pages = {1878--1892},
	volume = {77},
	number = {12},
	doi = {10.1139/cjfas-2020-0209},
	url = {https://cdnsciencepub.com/doi/10.1139/cjfas-2020-0209},
	langid = {en}
}

@article{connors2022,
	title = {Chinook salmon diversity contributes to fishery stability and trade{-}offs with mixed{-}stock harvest},
	author = {Connors, Brendan M. and Siegle, Matthew R. and Harding, Joel and Rossi, Steven and Staton, Benjamin A. and Jones, Michael L. and Bradford, Michael J. and Brown, Randy and Bechtol, Bill and Doherty, Beau and Cox, Sean and Sutherland, Ben J. G.},
	year = {2022},
	month = {12},
	date = {2022-12},
	journal = {Ecological Applications},
	pages = {e2709},
	volume = {32},
	number = {8},
	doi = {10.1002/eap.2709},
	url = {https://esajournals.onlinelibrary.wiley.com/doi/10.1002/eap.2709},
	langid = {en}
}

@article{u.s.environmentalprotectionagency2003,
	title = {EPA Region 10 guidance for Pacific Northwest state and tribal temperature water quality standards.},
	author = {U.S. Environmental Protection Agency, {(U.S. EPA)}},
	year = {2003},
	date = {2003}
}

@article{u.s.epa2003,
	title = {EPA Region 10 guidance for Pacific Northwest state and tribal temperature water quality standards.},
	author = {U.S. EPA, U.S. Environmental Protection Agency},
	year = {2003},
	date = {2003}
}

@article{larson2019,
	title = {Exploration of AYK Chinook salmon egg thiamine levels as a potential mechanism contributing to recent low productivity patterns, 2014 and 2015},
	author = {Larson, S and Howard, K},
	year = {2019},
	date = {2019}
}

@article{cunningham2018,
	title = {Signals of large scale climate drivers, hatchery enhancement, and marine factors in Yukon River Chinook salmon survival revealed with a Bayesian life history model},
	author = {Cunningham, Curry J. and Westley, Peter A. H. and Adkison, Milo D.},
	year = {2018},
	month = {09},
	date = {2018-09},
	journal = {Global Change Biology},
	pages = {4399--4416},
	volume = {24},
	number = {9},
	doi = {10.1111/gcb.14315},
	url = {https://onlinelibrary.wiley.com/doi/10.1111/gcb.14315},
	langid = {en}
}

@article{bradford2001,
	title = {Ecology of juvenile chinook salmon in a small non-natal stream of the Yukon River drainage and the role of ice conditions on their distribution and survival},
	author = {Bradford, Michael J and Grout, Jeff A and Moodie, Sue},
	year = {2001},
	month = {11},
	date = {2001-11-01},
	journal = {Canadian Journal of Zoology},
	pages = {2043--2054},
	volume = {79},
	number = {11},
	doi = {10.1139/z01-165},
	url = {http://www.nrcresearchpress.com/doi/10.1139/z01-165},
	langid = {fr}
}

@article{twardek2023,
	title = {Whitehorse Rapids Generating Station Juvenile Chinook Salmon Entrainment Assessment. Consultant{\textquoteright}s report prepared for Yukon Energy {\textendash} Resource Planning Department by Ecofish Research Ltd., September 21, 2023.},
	author = {Twardek, W.M. and Vogt, E and Mercer, B and Murphy, I.},
	year = {2023},
	date = {2023}
}

@article{twardek2023a,
	title = {Fishway performance of adult Chinook salmon completing one of the world's longest inland salmon migrations to the upper Yukon River},
	author = {Twardek, W.M. and Cooke, S.J. and Lapointe, N.W.R.},
	year = {2023},
	month = {02},
	date = {2023-02},
	journal = {Ecological Engineering},
	pages = {106846},
	volume = {187},
	doi = {10.1016/j.ecoleng.2022.106846},
	url = {https://linkinghub.elsevier.com/retrieve/pii/S092585742200307X},
	langid = {en}
}

@article{vanloon2025,
	title = {Yukon placer mining 2024 development and exploration overview},
	author = {van Loon, Sydney},
	year = {2025},
	date = {2025},
	langid = {en}
}

@article{jensen2009,
	title = {Impact of Fine Sediment on Egg-To-Fry Survival of Pacific Salmon: A Meta-Analysis of Published Studies},
	author = {Jensen, David W. and Steel, E. Ashley and Fullerton, Aimee H. and Pess, George R.},
	year = {2009},
	month = {06},
	date = {2009-06-17},
	journal = {Reviews in Fisheries Science},
	pages = {348--359},
	volume = {17},
	number = {3},
	doi = {10.1080/10641260902716954},
	url = {https://www.tandfonline.com/doi/full/10.1080/10641260902716954},
	langid = {en}
}

@article{dfo2000,
	title = {Effects of sediment on fish and their habitat},
	author = {DFO, },
	year = {2000},
	date = {2000}
}

@article{feddern,
	title = {Body size and early marine conditions drive changes in Chinook salmon productivity across northern latitude ecosystems},
	author = {Feddern, Megan L and Shaftel, Rebecca and Schoen, Erik R and Cunningham, Curry J and Connors, Brendan M and Staton, Benjamin A},
	langid = {en}
}

@article{bradford2008,
	title = {Downstream Migrations of Juvenile Salmon and Other Fishes in the Upper Yukon River},
	author = {Bradford, Michael J. and Duncan, Jake and Jang, Jean W.},
	year = {2008},
	date = {2008},
	journal = {ARCTIC},
	pages = {255--264},
	volume = {61},
	number = {3},
	doi = {10.14430/arctic23},
	url = {https://journalhosting.ucalgary.ca/index.php/arctic/article/view/63093},
	langid = {en}
}

@article{howard2017,
	title = {Estuarine Fish Ecology of the Yukon River Delta, 2014-2015},
	author = {Howard, K and Miller, Katharine Bollinger and Murphy, James},
	year = {2017},
	date = {2017}
}

@article{murphy2021,
	title = {Juvenile Yukon River Chinook Salmon in a Warming Arctic},
	author = {Murphy, James M and Howard, Kathrine and Garcia, Sabrina and Moss, Jamal H and Strasburger, Wesley W and Lee, Elizabeth},
	year = {2021},
	date = {2021},
	number = {17},
	langid = {en}
}

@article{murphy2023,
	title = {Northern Bering Sea ecosystem and surface trawl cruise report, 2021},
	author = {Murphy, J. and Dimond, J. and Cooper, D. and Garcia, S. and Lee, E. and Clark, J. and Pinchuk, A. and Reedy, M. and Miller, T. and Howard, K. and Ferguson, J. and Strasburger, W. and Labunski, E. and Farley, E. Jr.},
	year = {2023},
	date = {2023},
	doi = {10.25923/MBYQ-XC41},
	url = {https://repository.library.noaa.gov/view/noaa/56183},
	note = {Publisher: Alaska Fisheries Science Center (U.S.). Resource Assessment and Conservation Engineering Division},
	langid = {en}
}

@article{seitz2019,
	title = {Pop-up satellite archival tags reveal evidence of intense predation on large immature Chinook salmon ( {\emph{Oncorhynchus tshawytscha}} ) in the North Pacific Ocean},
	author = {Seitz, Andrew C. and Courtney, Michael B. and Evans, Mark D. and Manishin, Kaitlyn},
	year = {2019},
	month = {09},
	date = {2019-09},
	journal = {Canadian Journal of Fisheries and Aquatic Sciences},
	pages = {1608--1615},
	volume = {76},
	number = {9},
	doi = {10.1139/cjfas-2018-0490},
	url = {http://www.nrcresearchpress.com/doi/10.1139/cjfas-2018-0490},
	langid = {en}
}

@article{ohlberger2019,
	title = {Resurgence of an apex marine predator and the decline in prey body size},
	author = {Ohlberger, Jan and Schindler, Daniel E. and Ward, Eric J. and Walsworth, Timothy E. and Essington, Timothy E.},
	year = {2019},
	month = {12},
	date = {2019-12-26},
	journal = {Proceedings of the National Academy of Sciences},
	pages = {26682--26689},
	volume = {116},
	number = {52},
	doi = {10.1073/pnas.1910930116},
	url = {https://pnas.org/doi/full/10.1073/pnas.1910930116},
	langid = {en}
}

@article{johnson2009,
	title = {Trophic ecology of Pacific salmon ( {\emph{Oncorhynchus}} spp.) in the ocean: a synthesis of stable isotope research},
	author = {Johnson, Susan P. and Schindler, Daniel E.},
	year = {2009},
	month = {07},
	date = {2009-07},
	journal = {Ecological Research},
	pages = {855--863},
	volume = {24},
	number = {4},
	doi = {10.1007/s11284-008-0559-0},
	url = {https://esj-journals.onlinelibrary.wiley.com/doi/10.1007/s11284-008-0559-0},
	langid = {en}
}

@article{ruggerone2023,
	title = {From diatoms to killer whales: impacts of pink salmon on North Pacific ecosystems},
	author = {Ruggerone, Gt and Springer, Am and Van Vliet, Gb and Connors, B and Irvine, Jr and Shaul, Ld and Sloat, Mr and Atlas, Wi},
	year = {2023},
	month = {09},
	date = {2023-09-21},
	journal = {Marine Ecology Progress Series},
	pages = {1--40},
	volume = {719},
	doi = {10.3354/meps14402},
	url = {https://www.int-res.com/abstracts/meps/v719/p1-40/},
	langid = {en}
}

@article{ruggerone2016,
	title = {Pink and sockeye salmon interactions at sea and their influence on forecast error of Bristol Bay sockeye salmon},
	author = {Ruggerone, G.T.},
	year = {2016},
	date = {2016},
	journal = {Bulletin - North Pacific Anadromous Fish Commission},
	pages = {349--361},
	volume = {6},
	url = {https://www.npafc.org/bulletin-6/}
}

@article{abdul-aziz2011,
	title = {Potential climate change impacts on thermal habitats of Pacific salmon ( {\emph{Oncorhynchus}} spp.) in the North Pacific Ocean and adjacent seas},
	author = {Abdul-Aziz, Omar I. and Mantua, Nathan J. and Myers, Katherine W.},
	editor = {Bradford, Michael},
	year = {2011},
	month = {09},
	date = {2011-09},
	journal = {Canadian Journal of Fisheries and Aquatic Sciences},
	pages = {1660--1680},
	volume = {68},
	number = {9},
	doi = {10.1139/f2011-079},
	url = {http://www.nrcresearchpress.com/doi/10.1139/f2011-079},
	langid = {en}
}
